%Entries

%% see here how to format:
%% https://www.acm.org/publications/authors/bibtex-formatting

%%If you find articles on google scholar click on "cite" and then "BibTex"

@article{miotto2018deep,
  title={Deep learning for healthcare: review, opportunities and challenges},
  author={Miotto, Riccardo and Wang, Fei and Wang, Shuang and Jiang, Xiaoqian and Dudley, Joel T},
  journal={Briefings in bioinformatics},
  volume={19},
  number={6},
  pages={1236--1246},
  year={2018},
  publisher={Oxford University Press}
}

@article{ruuskanen2011viral,
  title={Viral pneumonia},
  author={Ruuskanen, Olli and Lahti, Elina and Jennings, Lance C and Murdoch, David R},
  journal={The Lancet},
  volume={377},
  number={9773},
  pages={1264--1275},
  year={2011},
  publisher={Elsevier}
}

@online{mooney2018,
author ={Paul Mooney},
year = {2018},
title ={Chest X-Ray Images},
url ={https://www.kaggle.com/paultimothymooney/chest-xray-pneumonia},
lastaccessed ={March 24, 2018},
}

@online{becker2018,
author ={Dan Becker},
year = {2018},
title ={Dropout and Strides for Larger Models},
url ={https://www.kaggle.com/dansbecker/dropout-and-strides-for-larger-models},
lastaccessed ={April 06, 2018},
}

@misc{bloem2020methology1,
author= {Peter Bloem},
year= {2020},
title = {Machine Learning - Lecture 2.1: Methology 1},
url= {},
lastaccessed = {February 10, 2020},
note = {},
}

@misc{bloem2020deeplearning1,
author= {Peter Bloem},
year= {2020},
title = {Machine Learning - Lecture 4.1: Deep Learning 1},
url= {},
lastaccessed = {February 24, 2020},
note = {},
}

@misc{bloem2020deeplearning2,
author= {Peter Bloem},
year= {2020},
title = {Machine Learning - Lecture 5.1: Deep Learning 2},
url= {},
lastaccessed = {March 02, 2020},
note = {},
}

@article{karpathy2016convolutional,
  title={Convolutional neural networks (cnns/convnets)},
  author={Karpathy, Andrej},
  journal={CS231n Convolutional Neural Networks for Visual Recognition},
  year={2016}
}

@article{springenberg2014striving,
  title={Striving for simplicity: The all convolutional net},
  author={Springenberg, Jost Tobias and Dosovitskiy, Alexey and Brox, Thomas and Riedmiller, Martin},
  journal={arXiv preprint arXiv:1412.6806},
  year={2014}
}

@article{srivastava2014dropout,
  title={Dropout: a simple way to prevent neural networks from overfitting},
  author={Srivastava, Nitish and Hinton, Geoffrey and Krizhevsky, Alex and Sutskever, Ilya and Salakhutdinov, Ruslan},
  journal={The journal of machine learning research},
  volume={15},
  number={1},
  pages={1929--1958},
  year={2014},
  publisher={JMLR. org}
}

@article{hinton2012improving,
  title={Improving neural networks by preventing co-adaptation of feature detectors},
  author={Hinton, Geoffrey E and Srivastava, Nitish and Krizhevsky, Alex and Sutskever, Ilya and Salakhutdinov, Ruslan R},
  journal={arXiv preprint arXiv:1207.0580},
  year={2012}
}
 
@online{imagepreprocessing-kerasdocumentation,
  author ={Keras},
  title ={Image Preprocessing - Keras Documentation},
  url ={https://keras.io/preprocessing/image/},
}

@misc{kulkarnioptimization,
  title={Optimization in Machine Learning and Applications},
  author={Kulkarni, Anand J and Satapathy, Suresh Chandra},
  publisher={Springer}
}

@article{litjens2017survey,
  title={A survey on deep learning in medical image analysis},
  author={Litjens, Geert and Kooi, Thijs and Bejnordi, Babak Ehteshami and Setio, Arnaud Arindra Adiyoso and Ciompi, Francesco and Ghafoorian, Mohsen and Van Der Laak, Jeroen Awm and Van Ginneken, Bram and S{\'a}nchez, Clara I},
  journal={Medical image analysis},
  volume={42},
  pages={60--88},
  year={2017},
  publisher={Elsevier}
}

@inproceedings{szegedy2015going,
  title={Going deeper with convolutions},
  author={Szegedy, Christian and Liu, Wei and Jia, Yangqing and Sermanet, Pierre and Reed, Scott and Anguelov, Dragomir and Erhan, Dumitru and Vanhoucke, Vincent and Rabinovich, Andrew},
  booktitle={Proceedings of the IEEE conference on computer vision and pattern recognition},
  pages={1--9},
  year={2015}
}

@article{powers2011evaluation,
  title={Evaluation: from precision, recall and F-measure to ROC, informedness, markedness and correlation},
  author={Powers, David Martin},
  year={2011},
  publisher={Bioinfo Publications}
}